@article{prob-quorum,
title = {Probabilistic Quorum Systems},
author = {Dahlia Malkhi and Michael Reiter and Avishai Wool and Rebecca Wright},
year = {2001},
journal = {Information and Communication},
number = {170},
pages = {184-206}}

@inproceedings{non-strict,
title = {On the Availability of Non-strict Quorum Systems},
author = {Amitanand Aiyer and Lorenzo Alvisi and Rida A. Bazzi},
booktitle = {DISC 2005}}

@inproceedings{multi-k-quorum,
title = {Byzantine and Multi-writer K-Quorums},
author = {Amitanand S. Aiyer and Lorenzo Alvisi and Rida A. Bazzi},
booktitle = {DISC 2006}}

@ARTICLE{quorumsystems,
    author = {Moni Naor and Avishai Wool},
    title = {The load, capacity, and availability of quorum systems},
    journal = {SIAM Journal on Computing},
    year = {1998},
    volume = {27},
    pages = {214--225}
}

@INPROCEEDINGS{bayou-session,
    author = {Douglas B. Terry and Alan J. Demers and Karin Petersen and Mike J. Spreitzer and Marvin M. Theimer and Brent B. Welch},
    title = {Session Guarantees for Weakly Consistent Replicated Data},
    booktitle = {PDIS '94},
    year = {1994},
    pages = {140--149}
}

@inproceedings{dynamo,
 author = {DeCandia, Giuseppe and Hastorun, Deniz and Jampani, Madan and Kakulapati, Gunavardhan and Lakshman, Avinash and Pilchin, Alex and Sivasubramanian, Swaminathan and Vosshall, Peter and Vogels, Werner},
 title = {Dynamo: {Amazon's} highly available key-value store},
 booktitle = {Proceedings of twenty-first ACM SIGOPS symposium on Operating systems principles},
 series = {SOSP '07},
 year = {2007},
 isbn = {978-1-59593-591-5},
 location = {Stevenson, Washington, USA},
 pages = {205--220},
 numpages = {16},
 url = {http://doi.acm.org/10.1145/1294261.1294281},
 doi = {http://doi.acm.org/10.1145/1294261.1294281},
 acmid = {1294281},
 publisher = {ACM},
 address = {New York, NY, USA},
 keywords = {performance, reliability, scalability},
} 

@article{cap-proof,
 author = {Gilbert, Seth and Lynch, Nancy},
 title = {Brewer's conjecture and the feasibility of consistent, available, partition-tolerant web services},
 journal = {SIGACT News},
 volume = {33},
 issue = {2},
 month = {June},
 year = {2002},
 issn = {0163-5700},
 pages = {51--59},
 numpages = {9},
 url = {http://doi.acm.org/10.1145/564585.564601},
 doi = {http://doi.acm.org/10.1145/564585.564601},
 acmid = {564601},
 publisher = {ACM},
 address = {New York, NY, USA},
} 


@article{vogels-defs,
 author = {Vogels, Werner},
 title = {Eventually consistent},
 journal = {Commun. ACM},
 issue_date = {January 2009},
 volume = {52},
 issue = {1},
 month = {January},
 year = {2009},
 issn = {0001-0782},
 pages = {40--44},
 numpages = {5},
 url = {http://doi.acm.org/10.1145/1435417.1435432},
 doi = {http://doi.acm.org/10.1145/1435417.1435432},
 acmid = {1435432},
 publisher = {ACM},
 address = {New York, NY, USA},
} 

@article{sequential,
 author = {Attiya, Hagit and Welch, Jennifer L.},
 title = {Sequential consistency versus linearizability},
 journal = {ACM Trans. Comput. Syst.},
 volume = {12},
 issue = {2},
 month = {May},
 year = {1994},
 issn = {0734-2071},
 pages = {91--122},
 numpages = {32},
 url = {http://doi.acm.org/10.1145/176575.176576},
 doi = {http://doi.acm.org/10.1145/176575.176576},
 acmid = {176576},
 publisher = {ACM},
 address = {New York, NY, USA},
} 
